@ONLINE{beer,
	title ={Wikipedia page for Beer-Lambert Law},
	url ={http://en.wikipedia.org/wiki/Beer-Lambert_law}
}
@ONLINE{fresnel,
	title ={Wikipedia page for Fresnel Equations},
	url ={https://en.wikipedia.org/wiki/Fresnel_equations}
}
@ONLINE{triangle,
	title ={Ray-triangle intersection},
	author={Brian Curless},
	url ={http://www.cs.washington.edu/education/courses/cse457/09au/lectures/triangle_intersection.pdf}
}

@ONLINE{triangle_code,
	title={Lighthouse3d Page for Ray-Triangle Intersection},
	url={http://www.lighthouse3d.com/tutorials/maths/ray-triangle-intersection/}

}

@ONLINE{phong,
	title ={Wikipedia page for Phong Reflection Model},
	url ={http://en.wikipedia.org/wiki/Phong_reflection_model}
}

@ONLINE{pathtracing,
	title ={Wikipedia page for Path Tracing},
	url ={http://en.wikipedia.org/wiki/Path_tracing}
}

@inproceedings{aabb,
	title={An efficient and robust ray-box intersection algorithm},
	author={Williams, Amy and Barrus, Steve and Morley, R Keith and Shirley, Peter},
	booktitle={ACM SIGGRAPH 2005 Courses},
	pages={9},
	year={2005},
	organization={ACM}
}


@inproceedings{kdtree,
	title={On building fast kd-trees for ray tracing, and on doing that in O (N log N)},
	author={Wald, Ingo and Havran, Vlastimil},
	booktitle={Interactive Ray Tracing 2006, IEEE Symposium on},
	pages={61--69},
	year={2006},
	organization={IEEE}
}

@article{mesh,
  title={A simple, fast, and effective polygon reduction algorithm},
  author={Melax, Stan},
  journal={Game Developer},
  volume={5},
  number={11},
  pages={44--49},
  year={1998}
}

@article{montecarlo,
  title={Monte Carlo path tracing},
  author={Koivisto, Jukka}
}
